@inbook{Samuelson_1975,
	author = {Samuelson, Paul A.},
	booktitle = {Stochastic {Optimization} {Models} in {Finance}},
	doi = {10.1016/b978-0-12-780850-5.50044-7},
	isbn = {9780127808505},
	year = {1975},
	pages = {517--524},
	publisher = {Elsevier},
	title = {LIFETIME {PORTFOLIO} {SELECTION} {BY} {DYNAMIC} {STOCHASTIC} {PROGRAMMING}},
	url = {http://dx.doi.org/10.1016/B978-0-12-780850-5.50044-7},
}


@article{Merton_1969,
	author = {Merton, Robert C.},
	journal = {The Review of Economics and Statistics},
	doi = {10.2307/1926560},
	issn = {0034-6535},
	number = {3},
	year = {1969},
	month = {8},
	pages = {247},
	publisher = {JSTOR},
	title = {Lifetime {Portfolio} {Selection} under {Uncertainty}: The {Continuous}-{Time} {Case}},
	url = {http://dx.doi.org/10.2307/1926560},
	volume = {51},
}


@article{Merton_1971,
	author = {Merton, Robert C},
	journal = {Journal of Economic Theory},
	doi = {10.1016/0022-0531(71)90038-x},
	issn = {0022-0531},
	number = {4},
	year = {1971},
	month = {12},
	pages = {373--413},
	publisher = {Elsevier BV},
	title = {Optimum consumption and portfolio rules in a continuous-time model},
	url = {http://dx.doi.org/10.1016/0022-0531(71)90038-X},
	volume = {3},
}


@article{Samuelson_1989,
	author = {Samuelson, P A},
	journal = {Proceedings of the National Academy of Sciences},
	doi = {10.1073/pnas.86.22.9048},
	issn = {1091-6490},
	number = {22},
	year = {1989},
	month = {11},
	pages = {9048--9051},
	publisher = {Proceedings of the National Academy of Sciences},
	title = {A case at last for age-phased reduction in equity.},
	url = {http://dx.doi.org/10.1073/PNAS.86.22.9048},
	volume = {86},
}


@article{Epstein_1989,
	author = {Epstein, Larry G. and Zin, Stanley E.},
	journal = {Econometrica},
	doi = {10.2307/1913778},
	issn = {0012-9682},
	number = {4},
	year = {1989},
	month = {7},
	pages = {937},
	publisher = {JSTOR},
	title = {Substitution, {Risk} {Aversion}, and the {Temporal} {Behavior} of {Consumption} and {Asset} {Returns}: A {Theoretical} {Framework}},
	url = {http://dx.doi.org/10.2307/1913778},
	volume = {57},
}


@article{Deaton_1991,
	author = {Deaton, Angus},
	journal = {Econometrica},
	doi = {10.2307/2938366},
	issn = {0012-9682},
	number = {5},
	year = {1991},
	month = {9},
	pages = {1221},
	publisher = {JSTOR},
	title = {Saving and {Liquidity} {Constraints}},
	url = {http://dx.doi.org/10.2307/2938366},
	volume = {59},
}


@article{Bodie_1992,
	author = {Bodie, Zvi and Merton, Robert C. and Samuelson, William F.},
	journal = {Journal of Economic Dynamics and Control},
	doi = {10.1016/0165-1889(92)90044-f},
	issn = {0165-1889},
	number = {3--4},
	year = {1992},
	month = {7},
	pages = {427--449},
	publisher = {Elsevier BV},
	title = {Labor supply flexibility and portfolio choice in a life cycle model},
	url = {http://dx.doi.org/10.1016/0165-1889(92)90044-F},
	volume = {16},
}


@book{Kimball_1991,
	author = {Kimball, Miles},
	doi = {10.3386/t0099},
	year = {1991},
	month = {3},
	publisher = {National Bureau of Economic Research},
	title = {Standard {Risk} {Aversion}},
	url = {http://dx.doi.org/10.3386/T0099},
}


@article{Jagannathan_1996,
	author = {Jagannathan, Ravi and Kocherlakota, Narayana},
	journal = {Quarterly Review},
	doi = {10.21034/qr.2032},
	issn = {0271-5287},
	number = {3},
	year = {1996},
	month = {6},
	publisher = {Federal Reserve Bank of Minneapolis},
	title = {Why {Should} {Older} {People} {Invest} {Less} in {Stocks} {Than} {Younger} {People}?},
	url = {http://dx.doi.org/10.21034/QR.2032},
	volume = {20},
}


@article{Carroll_1997,
	author = {Carroll, C. D.},
	journal = {The Quarterly Journal of Economics},
	doi = {10.1162/003355397555109},
	issn = {1531-4650},
	number = {1},
	year = {1997},
	month = {2},
	pages = {1--55},
	publisher = {Oxford University Press (OUP)},
	title = {Buffer-{Stock} {Saving} and the {Life} {Cycle}/{Permanent} {Income} {Hypothesis}},
	url = {http://dx.doi.org/10.1162/003355397555109},
	volume = {112},
}


@article{Viceira_2001,
	author = {Viceira, Luis M.},
	journal = {The Journal of Finance},
	doi = {10.1111/0022-1082.00333},
	issn = {1540-6261},
	number = {2},
	year = {2001},
	month = {4},
	pages = {433--470},
	publisher = {Wiley},
	title = {Optimal {Portfolio} {Choice} for {LongHorizon} {Investors} with {Nontradable} {Labor} {Income}},
	url = {http://dx.doi.org/10.1111/0022-1082.00333},
	volume = {56},
}


@article{Campbell_1999,
	author = {Campbell, J. Y. and Viceira, L. M.},
	journal = {The Quarterly Journal of Economics},
	doi = {10.1162/003355399556043},
	issn = {1531-4650},
	number = {2},
	year = {1999},
	month = {5},
	pages = {433--495},
	publisher = {Oxford University Press (OUP)},
	title = {Consumption and {Portfolio} {Decisions} when {Expected} {Returns} are {Time} {Varying}},
	url = {http://dx.doi.org/10.1162/003355399556043},
	volume = {114},
}


@article{Barberis_2000,
	author = {Barberis, Nicholas},
	journal = {The Journal of Finance},
	doi = {10.1111/0022-1082.00205},
	issn = {1540-6261},
	number = {1},
	year = {2000},
	month = {2},
	pages = {225--264},
	publisher = {Wiley},
	title = {Investing for the {Long} {Run} when {Returns} {Are} {Predictable}},
	url = {http://dx.doi.org/10.1111/0022-1082.00205},
	volume = {55},
}


@article{Madrian_2001,
	author = {Madrian, B. C. and Shea, D. F.},
	journal = {The Quarterly Journal of Economics},
	doi = {10.1162/003355301753265543},
	issn = {1531-4650},
	number = {4},
	year = {2001},
	month = {11},
	pages = {1149--1187},
	publisher = {Oxford University Press (OUP)},
	title = {The {Power} of {Suggestion}: Inertia in 401(k) {Participation} and {Savings} {Behavior}},
	url = {http://dx.doi.org/10.1162/003355301753265543},
	volume = {116},
}


@article{Gomes_2002,
	author = {Gomes, Francisco J. and Michaelides, Alexander},
	journal = {SSRN Electronic Journal},
	doi = {10.2139/ssrn.299388},
	issn = {1556-5068},
	year = {2002},
	publisher = {Elsevier BV},
	title = {Life-{Cycle} {Asset} {Allocation}: A {Model} with {Borrowing} {Constraints}, {Uninsurable} {Labor} {Income} {Risk} and {Stock}-{Market} {Participation} {Costs}},
	url = {http://dx.doi.org/10.2139/SSRN.299388},
}


@inbook{Curcuru_2010,
	author = {Curcuru, Stephanie and Heaton, John and Lucas, Deborah and Moore, Damien},
	booktitle = {Handbook of {Financial} {Econometrics}: Tools and {Techniques}},
	doi = {10.1016/b978-0-444-50897-3.50009-2},
	isbn = {9780444508973},
	year = {2010},
	pages = {337--382},
	publisher = {Elsevier},
	title = {Heterogeneity and {Portfolio} {Choice}: Theory and {Evidence}},
	url = {http://dx.doi.org/10.1016/B978-0-444-50897-3.50009-2},
}


@article{GOMES_2005,
	author = {GOMES, FRANCISCO and MICHAELIDES, ALEXANDER},
	journal = {The Journal of Finance},
	doi = {10.1111/j.1540-6261.2005.00749.x},
	issn = {1540-6261},
	number = {2},
	year = {2005},
	month = {3},
	pages = {869--904},
	publisher = {Wiley},
	title = {Optimal {LifeCycle} {Asset} {Allocation}: Understanding the {Empirical} {Evidence}},
	url = {http://dx.doi.org/10.1111/J.1540-6261.2005.00749.X},
	volume = {60},
}


@article{Cocco_2005,
	author = {Cocco, Jo{\~ a}o F. and Gomes, Francisco J. and Maenhout, Pascal J.},
	journal = {Review of Financial Studies},
	doi = {10.1093/rfs/hhi017},
	issn = {1465-7368},
	number = {2},
	year = {2005},
	pages = {491--533},
	publisher = {Oxford University Press (OUP)},
	title = {Consumption and {Portfolio} {Choice} over the {Life} {Cycle}},
	url = {http://dx.doi.org/10.1093/RFS/HHI017},
	volume = {18},
}


@book{Poterba_2006,
	author = {Poterba, James and Rauh, Joshua and Venti, Steven and Wise, David},
	doi = {10.3386/w11974},
	year = {2006},
	month = {1},
	publisher = {National Bureau of Economic Research},
	title = {Lifecycle {Asset} {Allocation} {Strategies} and the {Distribution} of 401(k) {Retirement} {Wealth}},
	url = {http://dx.doi.org/10.3386/W11974},
}


@article{Viceira_2007,
	author = {Viceira, Luis M.},
	journal = {SSRN Electronic Journal},
	doi = {10.2139/ssrn.988362},
	issn = {1556-5068},
	year = {2007},
	publisher = {Elsevier BV},
	title = {Life-{Cycle} {Funds}},
	url = {http://dx.doi.org/10.2139/SSRN.988362},
}


@article{Bodie_2007,
	author = {Bodie, Zvi and Treussard, Jonathan},
	journal = {Financial Analysts Journal},
	doi = {10.2469/faj.v63.n3.4689},
	issn = {1938-3312},
	number = {3},
	year = {2007},
	month = {5},
	pages = {42--47},
	publisher = {Informa UK Limited},
	title = {Making {Investment} {Choices} as {Simple} as {Possible}, but {Not} {Simpler}},
	url = {http://dx.doi.org/10.2469/FAJ.V63.N3.4689},
	volume = {63},
}


@article{Gomes_2008,
	author = {Gomes, Francisco J and Kotlikoff, Laurence J and Viceira, Luis M},
	journal = {American Economic Review},
	doi = {10.1257/aer.98.2.297},
	issn = {0002-8282},
	number = {2},
	year = {2008},
	month = {4},
	pages = {297--303},
	publisher = {American Economic Association},
	title = {Optimal {Life}-{Cycle} {Investing} with {Flexible} {Labor} {Supply}: A {Welfare} {Analysis} of {Life}-{Cycle} {Funds}},
	url = {http://dx.doi.org/10.1257/AER.98.2.297},
	volume = {98},
}


@article{Edwards_2008,
	author = {Edwards, Ryan D},
	journal = {Journal of Business &amp; Economic Statistics},
	doi = {10.1198/073500107000000287},
	issn = {1537-2707},
	number = {4},
	year = {2008},
	month = {10},
	pages = {472--485},
	publisher = {Informa UK Limited},
	title = {Health {Risk} and {Portfolio} {Choice}},
	url = {http://dx.doi.org/10.1198/073500107000000287},
	volume = {26},
}


@article{Bhandari_2008,
	author = {Bhandari, Gokul and Deaves, Richard},
	journal = {Journal of Economic Psychology},
	doi = {10.1016/j.joep.2007.12.003},
	issn = {0167-4870},
	number = {4},
	year = {2008},
	month = {8},
	pages = {473--490},
	publisher = {Elsevier BV},
	title = {Misinformed and informed asset allocation decisions of self-directed retirement plan members},
	url = {http://dx.doi.org/10.1016/J.JOEP.2007.12.003},
	volume = {29},
}


@inbook{Beshears_2009,
	author = {Beshears, John and Choi, James J. and Laibson, David and Madrian, Brigitte C.},
	booktitle = {Social {Security} {Policy} in a {Changing} {Environment}},
	doi = {10.7208/chicago/9780226076508.003.0006},
	isbn = {9780226076508},
	year = {2009},
	pages = {167--195},
	publisher = {University of Chicago Press},
	title = {The {Importance} of {Default} {Options} for {Retirement} {Saving} {Outcomes}},
	url = {http://dx.doi.org/10.7208/CHICAGO/9780226076508.003.0006},
}


@article{Smetters_2010,
	author = {Smetters, Kent A. and Chen, Ying},
	journal = {SSRN Electronic Journal},
	doi = {10.2139/ssrn.1706245},
	issn = {1556-5068},
	year = {2010},
	publisher = {Elsevier BV},
	title = {Optimal {Portfolio} {Choice} {Over} the {Life} {Cycle} with {Social} {Security}},
	url = {http://dx.doi.org/10.2139/SSRN.1706245},
}


@book{Mitchell_2012,
	author = {Mitchell, Olivia and Utkus, Stephen},
	doi = {10.3386/w17911},
	year = {2012},
	month = {3},
	publisher = {National Bureau of Economic Research},
	title = {Target-{Date} {Funds} in 401(k) {Retirement} {Plans}},
	url = {http://dx.doi.org/10.3386/W17911},
}


@inbook{Guiso_2013,
	author = {Guiso, Luigi and Sodini, Paolo},
	booktitle = {Handbook of the {Economics} of {Finance}},
	doi = {10.1016/b978-0-44-459406-8.00021-4},
	issn = {1574-0102},
	year = {2013},
	pages = {1397--1532},
	publisher = {Elsevier},
	title = {Household {Finance}: An {Emerging} {Field}},
	url = {http://dx.doi.org/10.1016/B978-0-44-459406-8.00021-4},
}


@article{Bodie_2015,
	author = {Bodie, Zvi},
	journal = {Financial Analysts Journal},
	doi = {10.2469/faj.v71.n1.6},
	issn = {1938-3312},
	number = {1},
	year = {2015},
	month = {1},
	pages = {43--48},
	publisher = {Informa UK Limited},
	title = {Thoughts on the {Future}: Life-{Cycle} {Investing} in {Theory} and {Practice}},
	url = {http://dx.doi.org/10.2469/FAJ.V71.N1.6},
	volume = {71},
}


@article{Hsu_2015,
	author = {Hsu, Jason C. and Treussard, Jonathan and Viswanathan, Vivek and Wu, Lillian},
	journal = {The Journal of Retirement},
	doi = {10.3905/jor.2015.2.4.014},
	issn = {2326-6902},
	number = {4},
	year = {2015},
	month = {4},
	pages = {14--21},
	publisher = {With Intelligence LLC},
	title = {Two {Determinants} of {Lifecycle} {Investment} {Success}},
	url = {http://dx.doi.org/10.3905/JOR.2015.2.4.014},
	volume = {2},
}


@article{O_Hara_2015,
	author = {O\textquoteright{}Hara, Matthew and Daverman, Ted},
	journal = {The Journal of Retirement},
	doi = {10.3905/jor.2015.2.4.030},
	issn = {2326-6902},
	number = {4},
	year = {2015},
	month = {4},
	pages = {30--37},
	publisher = {With Intelligence LLC},
	title = {Reexamining ``{To} vs. {Through}'': What {New} {Research} {Tells} {Us} about an {Old} {Debate}},
	url = {http://dx.doi.org/10.3905/JOR.2015.2.4.030},
	volume = {2},
}


@article{Tang_2015,
	author = {Tang, Ning and Lin, Yen-Ting},
	journal = {Journal of Asset Management},
	doi = {10.1057/jam.2015.8},
	issn = {1479-179X},
	number = {2},
	year = {2015},
	month = {3},
	pages = {131--148},
	publisher = {Springer Science},
	title = {The efficiency of target-date funds},
	url = {http://dx.doi.org/10.1057/JAM.2015.8},
	volume = {16},
}


@article{Singh_2023,
	author = {Singh, Sandeep},
	journal = {Financial Services Review},
	doi = {10.61190/fsr.v25i3.3223},
	issn = {1873-5673},
	number = {3},
	year = {2023},
	month = {10},
	pages = {235--262},
	publisher = {Academy of Financial Services},
	title = {The evidence on target-date mutual funds},
	url = {http://dx.doi.org/10.61190/FSR.V25I3.3223},
	volume = {25},
}


@article{FAGERENG_2017,
	author = {FAGERENG, ANDREAS and GOTTLIEB, CHARLES and GUISO, LUIGI},
	journal = {The Journal of Finance},
	doi = {10.1111/jofi.12484},
	issn = {1540-6261},
	number = {2},
	year = {2017},
	month = {3},
	pages = {705--750},
	publisher = {Wiley},
	title = {Asset {Market} {Participation} and {Portfolio} {Choice} over the {LifeCycle}},
	url = {http://dx.doi.org/10.1111/JOFI.12484},
	volume = {72},
}


@article{Michaelides_2017,
	author = {Michaelides, Alexander and Zhang, Yuxin},
	journal = {Journal of Financial and Quantitative Analysis},
	doi = {10.1017/s0022109017000357},
	issn = {1756-6916},
	number = {3},
	year = {2017},
	month = {6},
	pages = {1183--1209},
	publisher = {Cambridge University Press (CUP)},
	title = {Stock {Market} {Mean} {Reversion} and {Portfolio} {Choice} over the {Life} {Cycle}},
	url = {http://dx.doi.org/10.1017/S0022109017000357},
	volume = {52},
}


@article{Blanchett_2018,
	author = {Blanchett, David and Kaplan, Paul D.},
	journal = {The Journal of Retirement},
	doi = {10.3905/jor.2018.1.038},
	issn = {2326-6902},
	number = {4},
	year = {2018},
	month = {4},
	pages = {25--39},
	publisher = {With Intelligence LLC},
	title = {Beyond the {Glide} {Path}: The {Drivers} of {Target}-{Date} {Fund} {Returns}},
	url = {http://dx.doi.org/10.3905/JOR.2018.1.038},
	volume = {5},
}


@article{Mulvey_2020,
	author = {Mulvey, John M. and Hao, Han},
	journal = {The Journal of Retirement},
	doi = {10.3905/jor.2020.1.076},
	issn = {2326-6902},
	number = {2},
	year = {2020},
	month = {9},
	pages = {23--38},
	publisher = {With Intelligence LLC},
	title = {Setting {Realistic} {Goals} for {Personal} {Retirement} {Planning} via {Micro}--{Macro} {Analyses}},
	url = {http://dx.doi.org/10.3905/JOR.2020.1.076},
	volume = {8},
}


@article{Estrada_2020,
	author = {Estrada, Javier},
	journal = {The Journal of Wealth Management},
	doi = {10.3905/jwm.2020.1.118},
	issn = {2374-1368},
	number = {3},
	year = {2020},
	month = {8},
	pages = {50--60},
	publisher = {Pageant Media US},
	title = {Target-{Date} {Funds}, {Glidepaths}, and {Risk} {Aversion}},
	url = {http://dx.doi.org/10.3905/JWM.2020.1.118},
	volume = {23},
}


@article{Hou_2020,
	author = {Hou, Wenliang},
	journal = {SSRN Electronic Journal},
	doi = {10.2139/ssrn.3653456},
	issn = {1556-5068},
	year = {2020},
	publisher = {Elsevier BV},
	title = {How {Accurate} {Are} {Retirees}\textquoteright{} {Assessments} of {Their} {Retirement} {Risk}?},
	url = {http://dx.doi.org/10.2139/SSRN.3653456},
}


@inbook{2014,
	booktitle = {World {Development} {Report} 2015: Mind, {Society}, and {Behavior}},
	doi = {10.1596/978-1-4648-0342-0_ch6},
	isbn = {9781464803437},
	year = {2014},
	month = {12},
	pages = {112--126},
	publisher = {The World Bank},
	title = {Household finance},
	url = {http://dx.doi.org/10.1596/978-1-4648-0342-0_CH6},
}


@article{Gomes_2020,
	author = {Gomes, Francisco},
	journal = {Annual Review of Financial Economics},
	doi = {10.1146/annurev-financial-012820-113815},
	issn = {1941-1375},
	number = {1},
	year = {2020},
	month = {11},
	pages = {277--304},
	publisher = {Annual Reviews},
	title = {Portfolio {Choice} {Over} the {Life} {Cycle}: A {Survey}},
	url = {http://dx.doi.org/10.1146/ANNUREV-FINANCIAL-012820-113815},
	volume = {12},
}


@article{Shoven_2021,
	author = {Shoven, John B. and Walton, Daniel B.},
	journal = {The Journal of Retirement},
	doi = {10.3905/jor.2021.1.084},
	issn = {2326-6902},
	number = {4},
	year = {2021},
	month = {3},
	pages = {43--65},
	publisher = {With Intelligence LLC},
	title = {An {Analysis} of the {Performance} of {Target} {Date} {Funds}},
	url = {http://dx.doi.org/10.3905/JOR.2021.1.084},
	volume = {8},
}


@article{Gomes_2022,
	author = {Gomes, Francisco and Michaelides, Alexander and Zhang, Yuxin},
	journal = {Management Science},
	doi = {10.1287/mnsc.2021.3981},
	issn = {1526-5501},
	number = {4},
	year = {2022},
	month = {4},
	pages = {3047--3070},
	publisher = {Institute for Operations Research},
	title = {Tactical {Target} {Date} {Funds}},
	url = {http://dx.doi.org/10.1287/MNSC.2021.3981},
	volume = {68},
}


@article{Duarte_2021,
	author = {Duarte, Victor and Fonseca, Julia and Goodman, Aaron and Parker, Jonathan A.},
	journal = {SSRN Electronic Journal},
	doi = {10.2139/ssrn.3983913},
	issn = {1556-5068},
	year = {2021},
	publisher = {Elsevier BV},
	title = {Simple {Allocation} {Rules} and {Optimal} {Portfolio} {Choice} {Over} the {Lifecycle}},
	url = {http://dx.doi.org/10.2139/SSRN.3983913},
}


@article{Mitchell_2021,
	author = {Mitchell, Olivia S. and Utkus, Stephen P.},
	journal = {Journal of Pension Economics and Finance},
	doi = {10.1017/s1474747221000263},
	issn = {1475-3022},
	number = {4},
	year = {2021},
	month = {6},
	pages = {519--536},
	publisher = {Cambridge University Press (CUP)},
	title = {Target-date funds and portfolio choice in 401(k) plans},
	url = {http://dx.doi.org/10.1017/S1474747221000263},
	volume = {21},
}


@article{Gomes_2021,
	author = {Gomes, Francisco and Haliassos, Michael and Ramadorai, Tarun},
	journal = {Journal of Economic Literature},
	doi = {10.1257/jel.20201461},
	issn = {0022-0515},
	number = {3},
	year = {2021},
	month = {9},
	pages = {919--1000},
	publisher = {American Economic Association},
	title = {Household {Finance}},
	url = {http://dx.doi.org/10.1257/JEL.20201461},
	volume = {59},
}


@article{Parker_2022,
	author = {Parker, Jonathan A. and Schoar, Antoinette and Cole, Allison and Simester, Duncan},
	journal = {SSRN Electronic Journal},
	doi = {10.2139/ssrn.4068063},
	issn = {1556-5068},
	year = {2022},
	publisher = {Elsevier BV},
	title = {Household {Portfolios} and {Retirement} {Saving} {Over} the {Life} {Cycle}},
	url = {http://dx.doi.org/10.2139/SSRN.4068063},
}


@article{Altig_2023,
	author = {Altig, David and Kotlikoff, Laurence J. and Ye, Victor Yifan},
	journal = {Tax Policy and the Economy},
	doi = {10.1086/724355},
	issn = {1537-2650},
	year = {2023},
	month = {7},
	pages = {135--173},
	publisher = {University of Chicago Press},
	title = {How {Much} {Lifetime} {Social} {Security} {Benefits} {Are} {Americans} {Leaving} on the {Table}?},
	url = {http://dx.doi.org/10.1086/724355},
	volume = {37},
}


@article{Daga_2023,
	author = {Daga, Ankul and Smart, Timothy and Pakula, David C.},
	journal = {The Journal of Retirement},
	doi = {10.3905/jor.2023.10.3.071},
	issn = {2326-6902},
	number = {3},
	year = {2023},
	month = {1},
	pages = {71--94},
	publisher = {With Intelligence LLC},
	title = {The {Multi}-{Goal} {Framework}: Why {Practitioners} {Have} {Not} {Adopted} the {Lifecycle} {Model}---{Yet}},
	url = {http://dx.doi.org/10.3905/JOR.2023.10.3.071},
	volume = {10},
}


@article{PARKER_2023,
	author = {PARKER, JONATHAN A. and SCHOAR, ANTOINETTE and SUN, YANG},
	journal = {The Journal of Finance},
	doi = {10.1111/jofi.13258},
	issn = {1540-6261},
	number = {5},
	year = {2023},
	month = {6},
	pages = {2673--2723},
	publisher = {Wiley},
	title = {Retail {Financial} {Innovation} and {Stock} {Market} {Dynamics}: The {Case} of {Target} {Date} {Funds}},
	url = {http://dx.doi.org/10.1111/JOFI.13258},
	volume = {78},
}
