@article{Daga_2023,
	author = {Daga, Ankul and Smart, Timothy and Pakula, David C.},
	journal = {The Journal of Retirement},
	doi = {10.3905/jor.2023.10.3.071},
	issn = {2326-6902},
	number = {3},
	year = {2023},
	month = {1},
	pages = {71--94},
	publisher = {With Intelligence LLC},
	title = {The {Multi}-{Goal} {Framework}: Why {Practitioners} {Have} {Not} {Adopted} the {Lifecycle} {Model}---{Yet}},
	url = {http://dx.doi.org/10.3905/jor.2023.10.3.071},
	volume = {10},
}


@article{DeNardi2016d,
	author = {De Nardi, Mariacristina and French, Eric and Jones, John Bailey},
	journal = {Annual review of economics},
	doi = {10.1146/annurev-economics-080315-015127},
	issn = {1941-1383, 1941-1391},
	number = {1},
	year = {2016},
	month = {10},
	pages = {177--204},
	publisher = {Annual Reviews},
	title = {Savings after retirement: A survey},
	volume = {8},
}


@techreport{carrollWhyDoTheRich,
	address = {Cambridge, MA},
	author = {Carroll, Christopher},
	series = {Working {Paper} {Series}},
	doi = {10.3386/w6549},
	editor = {Slemrod, Joel B},
	year = {1998},
	month = {5},
	number = {6549},
	pages = {465--84},
	institution = {National Bureau of Economic Research},
	title = {Why do the rich save so much?},
	type = {techreport},
}


@misc{velasquezgiraldoJMP,
	author = {Vel{\' a}squez-Giraldo, Mateo},
	year = {2023},
	publisher = {\textless{}strong\textgreater{}Job Market Paper\textless{}/strong\textgreater{}},
	title = {Life-{Cycle} {Portfolio} {Choices} and {Heterogeneous} {Stock} {Market} {Expectations}},
	url = {https://mateovg.com/files/pdf/JMP_VelasquezGiraldoM.pdf},
}


@article{hurd1987savings,
	author = {Hurd, Michael D},
	journal = {The American Economic Review},
	year = {1987},
	pages = {298--312},
	publisher = {JSTOR},
	title = {Savings of the elderly and desired bequests},
}


@article{HEIMER_2019,
	author = {HEIMER, RAWLEY Z. and MYRSETH, KRISTIAN OVE R. and SCHOENLE, RAPHAEL S.},
	journal = {The Journal of Finance},
	doi = {10.1111/jofi.12828},
	issn = {1540-6261},
	number = {6},
	year = {2019},
	month = {7},
	pages = {2957--2996},
	publisher = {Wiley},
	title = {YOLO: Mortality {Beliefs} and {Household} {Finance} {Puzzles}},
	url = {http://dx.doi.org/10.1111/jofi.12828},
	volume = {74},
}


@article{Hurd_1989,
	author = {Hurd, Michael D.},
	journal = {Econometrica},
	doi = {10.2307/1913772},
	issn = {0012-9682},
	number = {4},
	year = {1989},
	month = {7},
	pages = {779},
	publisher = {JSTOR},
	title = {Mortality {Risk} and {Bequests}},
	url = {http://dx.doi.org/10.2307/1913772},
	volume = {57},
}


@article{Kopecky_2014,
	author = {Kopecky, Karen A. and Koreshkova, Tatyana},
	journal = {American Economic Journal: Macroeconomics},
	doi = {10.1257/mac.6.3.29},
	issn = {1945-7715},
	number = {3},
	year = {2014},
	month = {7},
	pages = {29--72},
	publisher = {American Economic Association},
	title = {The {Impact} of {Medical} and {Nursing} {Home} {Expenses} on {Savings}},
	url = {http://dx.doi.org/10.1257/mac.6.3.29},
	volume = {6},
}


@article{Mortenson_2019,
	author = {Mortenson, Jacob A. and Schramm, Heidi R. and Whitten, Andrew},
	journal = {National Tax Journal},
	doi = {10.17310/ntj.2019.3.02},
	issn = {1944-7477},
	number = {3},
	year = {2019},
	month = {9},
	pages = {507--542},
	publisher = {University of Chicago Press},
	title = {THE {EFFECTS} {OF} {REQUIRED} {MINIMUM} {DISTRIBUTION} {RULES} {ON} {WITHDRAWALS} {FROM} {TRADITIONAL} {IRAs}},
	url = {http://dx.doi.org/10.17310/ntj.2019.3.02},
	volume = {72},
}


@article{Poterba_2018,
	author = {Poterba, James and Venti, Steven and Wise, David A.},
	journal = {Journal of Public Economics},
	doi = {10.1016/j.jpubeco.2018.04.008},
	issn = {0047-2727},
	year = {2018},
	month = {6},
	pages = {78--88},
	publisher = {Elsevier BV},
	title = {Longitudinal determinants of end-of-life wealth inequality},
	url = {http://dx.doi.org/10.1016/j.jpubeco.2018.04.008},
	volume = {162},
}


@book{Christensen_2022,
	author = {Christensen, Bent Jesper and Kallestrup-Lamb, Malene and Kennan, John},
	doi = {10.3386/w29826},
	year = {2022},
	month = {3},
	publisher = {National Bureau of Economic Research},
	title = {Consumption and {Saving} after {Retirement}},
	url = {http://dx.doi.org/10.3386/w29826},
}


@article{Ventura_2020,
	author = {Ventura, Luigi and Horioka, Charles Yuji},
	journal = {Review of Economics of the Household},
	doi = {10.1007/s11150-020-09486-y},
	issn = {1573-7152},
	number = {3},
	year = {2020},
	month = {4},
	pages = {575--597},
	publisher = {Springer Science},
	title = {The wealth decumulation behavior of the retired elderly in {Italy}: the importance of bequest motives and precautionary saving},
	url = {http://dx.doi.org/10.1007/s11150-020-09486-y},
	volume = {18},
}


@article{Niimi_2019,
	author = {Niimi, Yoko and Horioka, Charles Yuji},
	journal = {Journal of the Japanese and International Economies},
	doi = {10.1016/j.jjie.2018.10.002},
	issn = {0889-1583},
	year = {2019},
	month = {3},
	pages = {52--63},
	publisher = {Elsevier BV},
	title = {The wealth decumulation behavior of the retired elderly in {Japan}: The relative importance of precautionary saving and bequest motives},
	url = {http://dx.doi.org/10.1016/j.jjie.2018.10.002},
	volume = {51},
}


@article{Hendricks_2002,
	author = {Hendricks, Lutz},
	journal = {SSRN Electronic Journal},
	doi = {10.2139/ssrn.304721},
	issn = {1556-5068},
	year = {2002},
	publisher = {Elsevier BV},
	title = {Intended and {Accidental} {Bequests} in a {Life}-cycle {Economy}},
	url = {http://dx.doi.org/10.2139/ssrn.304721},
}


@inbook{friedman1957,
	author = {Friedman, Milton},
	booktitle = {A theory of the consumption function},
	year = {1957},
	pages = {20--37},
	publisher = {Princeton University Press},
	title = {The permanent income hypothesis},
}


@article{BufferStockTheory,
	author = {Carroll, Christopher D.},
	journal = {Revise and Resubmit, Quantitative Economics},
	doi = {https://zenodo.org/badge/latestdoi/304124725},
	year = {2023},
	title = {Theoretical {Foundations} of {Buffer} {Stock} {Saving}},
	url = {https://econ-ark.github.io/BufferStockTheory},
	howpublished = {https://econ-ark.github.io/BufferStockTheory},
}


@article{flExpShocks,
	author = {Fulford, Scott and Low, David},
	journal = {Working Paper},
	year = {2024},
	title = {Expense {Shocks} {Matter}},
}


@article{kimballStandardRA,
	author = {Kimball, Miles S.},
	journal = {Econometrica},
	number = {3},
	year = {1993},
	month = {5},
	pages = {589--611},
	title = {Standard {Risk} {Aversion}},
	volume = {61},
}


@article{Carroll_2000,
	author = {Carroll, Christopher D and Overland, Jody and Weil, David N},
	journal = {American Economic Review},
	doi = {10.1257/aer.90.3.341},
	issn = {0002-8282},
	number = {3},
	year = {2000},
	month = {6},
	pages = {341--355},
	publisher = {American Economic Association},
	title = {Saving and {Growth} with {Habit} {Formation}},
	url = {http://dx.doi.org/10.1257/aer.90.3.341},
	volume = {90},
}


@article{Michaelides_2002,
	author = {Michaelides, Alexander},
	journal = {SSRN Electronic Journal},
	doi = {10.2139/ssrn.302079},
	issn = {1556-5068},
	year = {2002},
	publisher = {Elsevier BV},
	title = {Buffer {Stock} {Saving} and {Habit} {Formation}},
	url = {http://dx.doi.org/10.2139/ssrn.302079},
}


@article{Epstein_1991,
	author = {Epstein, Larry G. and Zin, Stanley E.},
	journal = {Journal of Political Economy},
	doi = {10.1086/261750},
	issn = {1537-534X},
	number = {2},
	year = {1991},
	month = {4},
	pages = {263--286},
	publisher = {University of Chicago Press},
	title = {Substitution, {Risk} {Aversion}, and the {Temporal} {Behavior} of {Consumption} and {Asset} {Returns}: An {Empirical} {Analysis}},
	url = {http://dx.doi.org/10.1086/261750},
	volume = {99},
}


@article{deNardiBequest,
	author = {De Nardi, Mariacristina},
	journal = {The Review of Economic Studies},
	number = {3},
	year = {2004},
	pages = {743--768},
	publisher = {Wiley-Blackwell},
	title = {Wealth inequality and intergenerational links},
	volume = {71},
}


@book{jaherGilded,
	address = {London},
	author = {Jaher, Frederic Cople},
	editor = {Rubinstein, W. D.},
	year = {1980},
	publisher = {Croon Helm},
	title = {The {Gilded} {Elite}: American {Multimillionaires}, 1865 to the {Present}},
}


@article{2023,
	journal = {Federal Reserve Bulletin},
	doi = {10.17016/8799},
	issn = {0014-9209},
	year = {2023},
	month = {10},
	publisher = {Board of Governors of the Federal Reserve System},
	title = {Changes in {U}.{S}. {Family} {Finances} from 2019 to 2022: Evidence from the {Survey} of {Consumer} {Finances}},
	url = {http://dx.doi.org/10.17016/8799},
}


@inbook{WhyDoTheRich,
	author = {Carroll, Christopher D.},
	chapter = {14},
	booktitle = {Does {Atlas} {Shrug}? {The} {Economic} {Consequences} of {Taxing} the {Rich}},
	editor = {Slemrod, Joel B.},
	year = {2000},
	publisher = {Harvard University Press},
	title = {Why {Do} the {Rich} {Save} {So} {Much}?},
	url = {https://llorracc.github.com/WhyDoTheRich/},
}


@article{sidrauski1967rational,
	author = {Sidrauski, Miguel},
	journal = {The American Economic Review},
	year = {1967},
	pages = {534--544},
	publisher = {JSTOR},
	title = {Rational choice and patterns of growth in a monetary economy},
}


@article{Rotemberg1984,
	author = {Rotemberg, Julio J},
	journal = {The journal of political economy},
	doi = {10.1086/261207},
	issn = {0022-3808, 1537-534X},
	number = {1},
	year = {1984},
	month = {2},
	pages = {40--58},
	publisher = {University of Chicago Press},
	title = {A monetary equilibrium model with transactions costs},
	volume = {92},
}


@book{Poterba_1986,
	author = {Poterba, James and Rotemberg, Julio},
	doi = {10.3386/w1796},
	year = {1986},
	month = {1},
	publisher = {National Bureau of Economic Research},
	title = {Money in the {Utility} {Function}: An {Empirical} {Implementation}},
	url = {http://dx.doi.org/10.3386/w1796},
}


@article{Tzitzouris2024,
	author = {Tzitzouris, James A},
	journal = {SSRN Electronic Journal},
	doi = {10.2139/ssrn.4693176},
	issn = {1556-5068},
	year = {2024},
	month = {1},
	publisher = {Elsevier BV},
	title = {A novel model to measure utility from consumption and wealth},
}


@article{Ameriks2020jpe,
	author = {Ameriks, John and Briggs, Joseph and Caplin, Andrew and Shapiro, Matthew D. and Tonetti, Christopher},
	journal = {Journal of Political Economy},
	doi = {10.1086/706686},
	number = {6},
	year = {2020},
	pages = {2375--2451},
	title = {Long-{Term}-{Care} {Utility} and {Late}-in-{Life} {Saving}},
	url = {https://doi.org/10.1086/706686},
	howpublished = {https://doi.org/10.1086/706686},
	volume = {128},
}


@article{Gordon_2014,
	author = {Gordon, Irlam and Joseph, Tomlinson},
	journal = {The Journal of Retirement},
	doi = {10.3905/jor.2014.1.4.118},
	issn = {2326-6902},
	number = {4},
	year = {2014},
	month = {4},
	pages = {118--128},
	publisher = {With Intelligence LLC},
	title = {Retirement {Income} {Research}: What {Can} {WeLearn} from {Economics}?},
	url = {http://dx.doi.org/10.3905/jor.2014.1.4.118},
	volume = {1},
}


@article{O_Hara_2015,
	author = {O\textquoteright{}Hara, Matthew and Daverman, Ted},
	journal = {The Journal of Retirement},
	doi = {10.3905/jor.2015.2.4.030},
	issn = {2326-6902},
	number = {4},
	year = {2015},
	month = {4},
	pages = {30--37},
	publisher = {With Intelligence LLC},
	title = {Reexamining ``{To} vs. {Through}'': What {New} {Research} {Tells} {Us} about an {Old} {Debate}},
	url = {http://dx.doi.org/10.3905/jor.2015.2.4.030},
	volume = {2},
}


@article{Lanski_2022,
	author = {Lanski, Ilia and Paramaguru, Raj and Phoa, Wesley and Wang, Yung and Hammond, P. Brett},
	journal = {The Journal of Portfolio Management},
	doi = {10.3905/jpm.2022.1.337},
	issn = {2168-8656},
	number = {4},
	year = {2022},
	month = {2},
	pages = {228--240},
	publisher = {With Intelligence LLC},
	title = {Using a {Life} {Cycle} {Model} to {Design} a {Target} {Date} {Glidepath}},
	url = {http://dx.doi.org/10.3905/jpm.2022.1.337},
	volume = {48},
}


@article{Idzorek_2023,
	author = {Idzorek, Thomas M.},
	journal = {Financial Analysts Journal},
	doi = {10.1080/0015198x.2023.2212581},
	issn = {1938-3312},
	number = {3},
	year = {2023},
	month = {6},
	pages = {155--170},
	publisher = {Informa UK Limited},
	title = {Personalized {Multiple} {Account} {Portfolio} {Optimization}},
	url = {http://dx.doi.org/10.1080/0015198x.2023.2212581},
	volume = {79},
}


@article{Aboagye2024,
	author = {Aboagye, Kobby and Page, S{\' e}bastien and Schafer, Louisa and Tzitzouris, James},
	journal = {The Journal of Portfolio Management},
	doi = {10.3905/jpm.2024.1.584},
	issn = {0095-4918, 2168-8656},
	number = {5},
	year = {2024},
	month = {1},
	pages = {jpm.2024.1.584},
	publisher = {Pageant Media US},
	title = {Personalized target date funds},
	volume = {50},
}


@unpublished{Gabler2022,
	author = {Gabler, Janos},
	year = {2022},
	title = {A {Python} {Tool} for the {Estimation} of large scale scientific models},
}


@techreport{Gabler2024,
	author = {Gabler, Jano{\' s} and Gsell, Sebastian and Mensinger, Tim and Petrosyan, Mariam},
	year = {2024},
	institution = {University of Bonn},
	title = {Tranquilo: An {Optimizer} for the {Method} of {Simulated} {Moments}},
	type = {techreport},
}


@inbook{2005,
	booktitle = {The {Collected} {Papers} of {Franco} {Modigliani}},
	doi = {10.7551/mitpress/1923.003.0004},
	isbn = {9780262280051},
	year = {2005},
	publisher = {The MIT Press},
	url = {http://dx.doi.org/10.7551/mitpress/1923.003.0004},
}


@article{gabaix2010age,
	author = {GABAIX, XAVIER and AGARWAL, SUMIT and LAIBSON, DAVID and DRISCOLL, JOHN C},
	journal = {Brookings Papers on Economic Activity: Fall 2009},
	year = {2010},
	pages = {51},
	publisher = {Brookings Institution Press},
	title = {The {Age} of {Reason}: Financial {Decisions} over the {Life} {Cycle} and {Implications} for {Regulation}},
}


@article{ameriks2011joy,
	author = {Ameriks, John and Caplin, Andrew and Laufer, Steven and Van Nieuwerburgh, Stijn},
	journal = {The journal of finance},
	number = {2},
	year = {2011},
	pages = {519--561},
	publisher = {Wiley Online Library},
	title = {The joy of giving or assisted living? {Using} strategic surveys to separate public care aversion from bequest motives},
	volume = {66},
}

